@book{brock,
  title     = "Rhetorical Code Studies: Discovering Arguments in and around Code",
  author    = "Brock, Kevin",
  year      = 2019,
  publisher = "University of Michigan Press",
}

@online{dq,
  title     = "Depression Quest",
  author    = "Quinn, Zoe",
  year      = 2013,
  url = "depressionquest.com",
  urldate = "2022-06-03",
}

@article{wiki,
  author = "Luyu Wang and Yujia Li and Ozlem Aslan and Oriol Vinyals",
  title = "WikiGraphs: a wikipedia - knowledge graph paired dataset",
  publisher = "Proceedings of the Graph-based Methods for Natural Language Processing (TextGraphs)"
  pages  = "67--82"
  year = 2021,
} 

@online{nltk,
  title     = "Natural Language Toolkit",
  author    = "NLTK Pro",
  year      = 2022,
  url = "nltk.org",
  urldate = "2022-06-03"
   
}

@online{tfidf,
  title     = "tf-idf",
  author    = "Wikipedia Contributors",
  year      = 2022,
  url = "wikipedia.org/wiki/Tf-idf",
  urldate = "2022-06-04",
}

@online{s2v,
  title = "sent2vec",
  author="epfml",
  year = 2021,
  url="github.com/epfml/sent2vec",
  urldate = "2022-06-04"
}

@article{smith,
  title = "Smith v. Maryland",
  author="The Supreme Court of the United States",
  year = 1976,
  publisher = "U.S. Reporter"
}

@online{lil,
  title = "Open Casebook",
  author="Library Innovation Lab",
  year = 2022,
  url="opencasebook.org",
  urldate = "2022-06-04"
}

@online{lex,
  title = "Lexcaliber",
  author="Faiz Surani and Varun Iyer",
  year = 2022,
  url="github.com/lexeme-dev/core",
  urldate = "2022-06-04"
}

@misc{pixie,
  doi = {10.48550/ARXIV.1711.07601},
  
  url = {https://arxiv.org/abs/1711.07601},
  
  author = {Eksombatchai, Chantat and Jindal, Pranav and Liu, Jerry Zitao and Liu, Yuchen and Sharma, Rahul and Sugnet, Charles and Ulrich, Mark and Leskovec, Jure},
  
  keywords = {Information Retrieval (cs.IR), Machine Learning (cs.LG), Performance (cs.PF), Social and Information Networks (cs.SI), FOS: Computer and information sciences, FOS: Computer and information sciences},
  
  title = {Pixie: A System for Recommending 3+ Billion Items to 200+ Million Users in Real-Time},
  
  publisher = {arXiv},
  
  year = {2017},
  
  copyright = {arXiv.org perpetual, non-exclusive license}
}

